<?xml version="1.0" encoding="UTF-8"?><collection xmlns="http://www.loc.gov/MARC21/slim"><record><leader>00375nam--2200121-i-4500</leader><controlfield tag="001">000006733</controlfield><controlfield tag="002">20161230</controlfield><controlfield tag="005">20161230201026</controlfield><controlfield tag="008">060222s1000------------r-----000-0-eng-d</controlfield><datafield ind1=" " ind2=" " tag="100"><subfield code="a">Christensen, Halvor N</subfield></datafield><datafield ind1=" " ind2=" " tag="245"><subfield code="a">Ph and dissociation. a learning program for st udents of the biological and medical sciences</subfield></datafield><datafield ind1=" " ind2=" " tag="260"><subfield code="a">London, W.B.Saunders Company, 1963. 60 P</subfield></datafield><datafield ind1=" " ind2=" " tag="852"><subfield code="a">19673</subfield></datafield></record></collection>